@article{claerbout1991scrutiny,
  title={A Scrutiny of the Introduction},
  author={Claerbout, Jon F},
  journal={The Leading Edge},
  volume={10},
  number={1},
  pages={39--41},
  year={1991},
  publisher={Society of Exploration Geophysicists}
}

@article{landes1951scrutiny,
  title={A Scrutiny of the Abstract},
  author={Landes, Kenneth K},
  journal={Bulletin of the American Association of Petroleum Geologists},
  volume={35},
  number={7},
  pages={1660},
  year={1951}
}

% ANALYSIS START %

@online{lokforerskolen,
    author = {Maria Dahl},
    title = {Simulert togframføring},
    year = 2019,
    url = {https://lokforerskolen.no/aktuelt/simulatorsenteret/},
    urldate = {2019-02-07}
}

@book{latexcompanion,
    author    = "Michel Goossens and Frank Mittelbach and Alexander Samarin",
    title     = "The \LaTeX\ Companion",
    year      = "1993",
    publisher = "Addison-Wesley",
    address   = "Reading, Massachusetts",
    keywords  = "latex"
}

@online{evercast,
    author = {Evelyn, Trainor-Fogleman},
    title = {Unity vs Unreal Engine: Game engine comparison guide for 2021},
    year = 2021,
    url = {https://www.evercast.us/blog/unity-vs-unreal-engine},
    urldate = {2021-07-12}
}

@online{unreal_licence,
    title = {Unreal Licences},
    year = 2022,
    url = {https://www.unrealengine.com/en-US/download},
    urldate = {2022-01-21}
}

@online{cryengine:licence,
    title = {CryEngine Licence},
    year = 2022,
    url = {https://www.cryengine.com/support/view/licensing},
    urldate = {2022-01-21}
}

@online{godot:licence,
    title = {Godot Licence},
    year = 2022,
    url = {https://godotengine.org/license},
    urldate = {2022-01-21}
}

@misc{game_engines_dealessandri_2020, 
    title={What is the best game engine for your game?}, 
    url={https://www.gamesindustry.biz/articles/2020-01-16-what-is-the-best-game-engine-for-your-game}, 
    journal={GamesIndustry.biz}, 
    publisher={GamesIndustry.biz}, 
    author={Dealessandri, Marie}, 
    year={2020}, 
    month=Jan,
    urldate = {2022-02-08}
} 

@misc{unity_dealessandri_2020, 
    title={What is the Best Game Engine: Is Unity right for you?}, url={https://www.gamesindustry.biz/articles/2020-01-16-what-is-the-best-game-engine-is-unity-the-right-game-engine-for-you}, 
    journal={GamesIndustry.biz}, 
    publisher={GamesIndustry.biz}, 
    author={Dealessandri, Marie}, 
    year={2020}, 
    month=Jan,
    urldate = {2022-02-08}
}

@misc{unreal_dealessandri_2020, 
    title={What is the Best Game Engine: Is Unreal Engine right for you?}, url={https://www.gamesindustry.biz/articles/2020-01-16-what-is-the-best-game-engine-is-unreal-engine-4-the-right-game-engine-for-you}, 
    journal={GamesIndustry.biz}, 
    publisher={GamesIndustry.biz}, 
    author={Dealessandri, Marie}, 
    year={2020}, 
    month=Jan,
    urldate = {2022-02-08}
}

@misc{cryengine_dealessandri_2020, 
    title={What is the Best Game Engine: Is CryEngine right for you?}, url={https://www.gamesindustry.biz/articles/2020-01-16-what-is-the-best-game-engine-is-cryengine-the-right-game-engine-for-you}, 
    journal={GamesIndustry.biz}, 
    publisher={GamesIndustry.biz}, 
    author={Dealessandri, Marie}, 
    year={2020}, 
    month=Jan,
    urldate = {2022-02-08}
}

@misc{godot_dealessandri_2020, 
    title={What is the Best Game Engine: Is Godot right for you?}, url={https://www.gamesindustry.biz/articles/2020-04-14-what-is-the-best-game-engine-is-godot-right-for-you}, 
    journal={GamesIndustry.biz}, 
    publisher={GamesIndustry.biz}, 
    author={Dealessandri, Marie}, 
    year={2020}, 
    month=Apr,
    urldate = {2022-02-08}
}

 @misc{cryengine_roadmap_2021,
        title={CRYENGINE 5.7 roadmap update and future plans}, url={https://www.cryengine.com/news/view/cryengine-5-7-roadmap-update-and-future-plans},
        journal={CRYENGINE}, 
        publisher={CRYENGINE}, 
        author={Crytek}, 
        year={2021}, 
        month=Dec,
        urldate = {2022-02-08}
} 
 @misc{technologies_2022, 
        title={Getting started with VR development in Unity}, url={https://docs.unity3d.com/2022.1/Documentation/Manual/VROverview.html}, 
        journal={Unity}, 
        author={Technologies, Unity}, 
        year={2022}, 
        month=Jan,
        urldate = {2022-02-08}
} 

@online{unreal_5_early_access,
    title={Unreal Engine 5 Early Access},
    year = 2022,
    url = {https://www.unrealengine.com/en-US/unreal-engine-5},
    urldate = {2022-01-31}
}

@online{open3d_licence,
    title={Open 3D Engine},
    year = 2022,
    url = {https://www.o3de.org/},
    urldate = {2022-01-31}
}

@online{open3d_foundation,
    title={Open 3D Foundation},
    year = 2022,
    url = {https://o3d.foundation/},
    urldate = {2022-01-31}
}

@misc{chaudry_2020,
    title={A unity review: Pros and cons}, 
    url={https://citrusbits.com/a-unity-review-pros-and-cons/}, 
    journal={CitrusBits}, 
    author={Chaudry, Aiza}, 
    year={2020}, 
    month=Jul,
    urldate = {2022-02-08}
} 

@misc{stepico_games_2021, 
    title={Unity Pros and Cons: Choose unity 3D: Why Unity Game Studios Use it?}, 
    url={https://stepico.com/why-choose-unity-3d-engine/}, 
    journal={Stepico Games}, 
    author={Stepico Games}, 
    year={2021}, 
    month=Apr,
    urldate = {2022-02-08}
} 

 @misc{waiting_for_vr_2016, 
 volume={04}, 
 url={https://steamlug.org/cast/s04e05}, 
 number={05}, 
 journal={Waiting For VR}, 
 publisher={SteamLUG}, 
 year={2016}, 
 month=Apr,
 urldate = {2022-02-08}} 
 
  @misc{godot_introduction, 
  title={Introduction}, url={https://docs.godotengine.org/en/stable/about/introduction.html}, 
  journal={Godot Engine documentation}, 
  publisher={Godot}, 
  author={Godot Engine},
     urldate = {2022-02-08}} 
  
@misc{crytek_2018, 
    title={CRYENGINE/LICENSE.md at release · Crytek/CRYENGINE}, url={https://github.com/CRYTEK/CRYENGINE/blob/release/LICENSE.md}, journal={GitHub}, 
    author={Crytek}, 
    year={2018}, 
    month=Mar,
     urldate = {2022-02-08}
} 

 @misc{unreal_supported_files, 
     title={Datasmith supported software and file types}, url={https://docs.unrealengine.com/4.26/en-US/WorkingWithContent/Importing/Datasmith/SupportedSoftwareAndFileTypes/}, 
     journal={Unreal Engine Documentation}, 
     publisher={Unreal Engine}, 
     author={Unreal Engine},
     urldate = {2022-02-08}} 
 
  @misc{unity_supported_files_2021, 
  title={Supported model file formats}, url={https://docs.unity3d.com/2020.1/Documentation/Manual/3D-formats.html}, journal={Unity}, 
  author={Technologies, Unity}, 
  year={2021}, 
  month=Feb,
     urldate = {2022-02-08}} 
  
@misc{cryengine_supported_files_haan_2019, 
   title={Asset types}, 
   url={https://docs.cryengine.com/display/CEMANUAL/Asset+Types}, 
   journal={Documentation}, 
   publisher={Cryengine}, 
   author={Haan, Wilhelm Andreas},
   year={2019}, 
   month=May,
     urldate = {2022-02-08}} 
   
@misc{godot_supported_files_lovato_2020, 
    title={Importing 3D scenes}, url={https://docs.godotengine.org/en/stable/tutorials/assets_pipeline/importing_scenes.html}, 
    journal={Godot Engine documentation}, 
    publisher={Godot}, 
    author={Lovato, Nathan}, 
    year={2020}, 
    month=Oct,
     urldate = {2022-02-08}}

 @misc{godot_improvements_verschelde_2022, 
    title={Major milestone ready for testing: Godot 4.0 Alpha 1 is out!}, 
    url={https://godotengine.org/article/dev-snapshot-godot-4-0-alpha-1}, 
    journal={Major milestone ready for testing: Godot 4.0 alpha 1 is out!}, 
    publisher={Godot Engine}, 
    author={Verschelde, Rémi}, 
    year={2022}, 
    month=Jan,
     urldate = {2022-02-08}} 
    
@misc{unity_technologies_2021, 
    title={Creating and using scripts}, 
    url={https://docs.unity3d.com/2020.1/Documentation/Manual/CreatingAndUsingScripts.html}, 
    journal={Unity}, 
    publisher={Unity Technologies}, 
    author={Unity Technologies}, 
    year={2021}, 
    month=Feb,
     urldate = {2022-02-08}
} 

@misc{godot_engine_c_sharp, title={C\# basics}, 
    url={https://docs.godotengine.org/en/stable/tutorials/scripting/c_sharp/c_sharp_basics.html}, 
    journal={Godot Engine documentation}, 
    publisher={Godot Docs}, 
    author={Godot Engine},
     urldate = {2022-02-08}
} 

@misc{crytek_michaelbo, 
    title={C\# programming}, 
    url={https://docs.cryengine.com/pages/viewpage.action?pageId=29791112}, 
    journal={Documentation}, 
    publisher={Crytek}, 
    author={michaelbo},
     urldate = {2022-02-08}
} 

@misc{unity_technologies_2018, 
    title={C\# job system overview},
    url={https://docs.unity3d.com/2020.1/Documentation/Manual/JobSystemOverview.html}, 
    journal={Unity Documentation}, 
    author={Unity Technologies}, 
    year={2018},
    month=Jun,
     urldate = {2022-02-08}
} 

 @misc{why_use_gdscript_2018, 
     title={Frequently asked questions}, url={https://docs.godotengine.org/en/stable/about/faq.html#doc-faq-what-is-gdscript}, 
     journal={Godot Engine documentation}, 
     publisher={Godot}, 
     author={Engine, Godot}, 
     year={2018}, 
     month=Aug,
     urldate = {2022-02-08}
} 
 
 @misc{godot_engine_gdscript,
    title={GDScript: An introduction to dynamic languages}, 
    url={https://docs.godotengine.org/en/stable/tutorials/scripting/gdscript/gdscript_advanced.html}, 
    journal={Godot Engine documentation}, 
    author={Godot Engine},
     urldate = {2022-02-08}
} 

 @misc{gdscript_basic, 
     title={GDScript basics}, url={https://docs.godotengine.org/en/stable/tutorials/scripting/gdscript/gdscript_basics.html}, 
     journal={Godot Engine documentation}, 
     publisher={Godot}, 
     author={Engine, Godot},
     urldate = {2022-02-08}} 
     
@misc{wikipedia_cryengine, 
    title={CryEngine},
    url={https://en.wikipedia.org/wiki/CryEngine}, 
    journal={Wikipedia}, publisher={Wikimedia Foundation}, 
    author={Wikipedia}, 
    year={2021}, 
    month=Dec,
     urldate = {2022-02-08}
} 
     
@misc{wikipedia_C++, 
    title={C++}, 
    url={https://en.wikipedia.org/wiki/C%2B%2B}, 
    journal={Wikipedia}, 
    publisher={Wikimedia Foundation}, 
    year={2022}, 
    month=Jan,
     urldate = {2022-02-08}
}

@misc{unreal_engine_documentation_2021, 
    title={Introduction to C++ programming in UE4}, url={https://docs.unrealengine.com/4.27/en-US/ProgrammingAndScripting/ProgrammingWithCPP/IntroductionToCPP/}, 
    journal={Unreal Engine Documentation}, 
    year={2021}, 
    month=Aug,
     urldate = {2022-02-08}
} 

@online{unreal_blueprint_overview,
    title={Blueprint Overview},
    url = {https://docs.unrealengine.com/4.27/en-US/ProgrammingAndScripting/Blueprints/Overview/},
    urldate = {2022-02-01}
}

@online{godot_visual_script_tutorial,
    title={What is Visual Scripting},
    url = {https://docs.godotengine.org/en/stable/tutorials/scripting/visual_script/what_is_visual_scripting.html},
    urldate = {2022-02-04}
}

@online{cryengine_flow_graph_howto,
    title={How to Use Flow Graph},
    url = {https://docs.cryengine.com/display/CEMANUAL/How+to+Use+Flow+Graph},
    urldate = {2022-02-04}
}

@online{cryengine_schematyc,
    title={Schematyc},
    url = {https://docs.cryengine.com/display/CEMANUAL/Schematyc},
    urldate = {2022-02-04}
}

@online{unity_visual_scripting,
    title={Visual Scripting},
    url = {https://unity.com/products/unity-visual-scripting},
    urldate = {2022-02-04}
}

@online{unity_visual_scripting_docs,
    title={Avout Visual Scripting},
    url = {https://docs.unity3d.com/Packages/com.unity.visualscripting@1.7/manual/index.html},
    urldate = {2022-02-04}
}

@online{unity_aquire_bolt,
    title={Unity Technologies acquires Bolt},
    url = {https://ludiq.io/blog/unity-acquires-bolt},
    urldate = {2022-02-04}
}

@misc{g2_sorting_methodology, 
     title={G2 Research Scoring Methodologies}, 
     url={https://research.g2.com/methodology/scoring}, 
     journal={G2 Research Hub}, 
     publisher={G2 INC}, 
     author={INC, G2},
     urldate = {2022-02-08}} 

@misc{g2_game_engines_comp, 
    title={Unity Software vs. Unreal Engine vs. CryEngine vs. Godot | G2}, 
    url={https://www.g2.com/compare/unity-vs-unreal-engine-vs-cryengine-vs-godot}, 
    journal={Unity Software vs. Unreal Engine vs. CryEngine vs. Godot | G2},
    publisher={G2 INC}, 
    author={INC, G2},
     urldate = {2022-02-08}
} 

@misc{unity_scriptableobject, 
    title={ScriptableObject}, 
    url={https://docs.unity3d.com/Manual/class-ScriptableObject.html}, 
    journal={Unity Documentation}, 
    author={Unity Technologies}, 
    year={2022}, 
    month=Jan,
     urldate = {2022-02-08}
} 

@misc{unity_technologies_2021_c_sharp, 
    title={Learning C sharp in unity for beginners}, 
    url={https://unity.com/how-to/learning-c-sharp-unity-beginners}, 
    journal={Coding in C\# in Unity for beginners}, 
    author={Unity Technologies}, 
    year={2021}, 
    month=Dec,
     urldate = {2022-02-08}
} 

@misc{perkins_2016, 
    title={CRYENGINE 5.0.0}, 
    url={https://docs.cryengine.com/display/SDKDOC1/CRYENGINE+5.0.0}, 
    journal={Documentation}, 
    author={Perkins, Douglas}, 
    year={2016}, 
    month=Jul,
     urldate = {2022-02-08}
} 

@misc{epic_games_2021_ue4_introduction, 
    title={Introduction to C++ programming in UE4}, 
    url={https://docs.unrealengine.com/4.27/en-US/ProgrammingAndScripting/ProgrammingWithCPP/IntroductionToCPP/}, 
    journal={Unreal Engine Documentation}, 
    author={Epic Games}, 
    year={2021},
     urldate = {2022-02-08}
} 

@misc{Unreal_VR_mode, 
    title={Unreal Engine VR mode},             url={https://docs.unrealengine.com/4.27/en-US/BuildingWorlds/VRMode/}, journal={Unreal Engine Documentation}, 
    publisher={Unreal Engine}, 
    author={Engine, Unreal},
     urldate = {2022-02-08}} 
    
@misc{g2_game_engines, 
    title={Best Game Engine Software in 2022: Compare reviews on ... - G2}, 
    url={https://www.g2.com/categories/game-engine}, 
    journal={Best Game Engine Software}, 
    publisher={G2},
     urldate = {2022-02-08}
} 

@misc{terziyan_2020, 
    title={What is the best language for game development?}, 
    url={https://game-ace.com/blog/best-language-for-game-development/}, 
    journal={Game-Ace}, 
    author={Terziyan, Sergey}, 
    year={2020}, 
    month=Jan,
     urldate = {2022-02-08}
} 

@misc{what_is_ia_IA_institute,
    url={https://www.iainstitute.org/sites/default/files/what_is_ia.pdf}, 
    journal={What is Ia - IA Institute}, 
    publisher={IA Institute},
     urldate = {2022-02-08}} 
    
 @misc{buckley_2022, 
     title={Unity vs. Unreal – choosing a game engine}, 
     url={https://gamedevacademy.org/unity-vs-unreal/}, 
     journal={GameDev Academy}, 
     publisher={Zenva Academy}, 
     author={Buckley, Daniel}, 
     year={2022}, 
     month=Jan,
     urldate = {2022-02-08}} 

% ANALYSIS END %

@misc{what_is_version_control, 
    title={What is version control: Atlassian Git Tutorial}, 
    url={https://www.atlassian.com/git/tutorials/what-is-version-control}, 
    author={Atlassian}, 
    urldate = {2022-05-10}
} 

@misc{different_version_control_used_in_gamedev, 
    title={Every project needs a version control system}, 
    url={https://unrealcommunity.wiki/every-project-needs-a-version-control-system-qgpkrft2}, 
    author={Unreal}, 
    year={2021}, 
    month=Jan,
    urldate = {2022-05-10}
} 

 @misc{scrum_2022,
 title={Scrum (software development)}, url={https://en.wikipedia.org/wiki/Scrum_(software_development)},
 journal={Wikipedia},
 publisher={Wikimedia Foundation},
 year={2022},
 month=May} 
 
@misc{kanban_2022,
title={Kanban (development)},
url={https://en.wikipedia.org/wiki/Kanban_(development)},
journal={Wikipedia},
publisher={Wikimedia Foundation},
year={2022},
month=Mar} 
  
@misc{atlassian_scrum_vs_kanban,
title={Kanban vs Scrum},
url={https://www.atlassian.com/agile/kanban/kanban-vs-scrum},
journal={kanban-vs-scrum},
publisher={Atlassian},
author={Atlassian, MAX  REHKOPF}} 
   
@misc{ue4_blueprint_forums_2016,
title={Blueprint vs C++ performance .},
url={https://forums.unrealengine.com/t/blueprint-vs-c-performance/3398/17},
journal={Unreal Engine Forums},
year={2016},
month=Aug} 

 @misc{ue4_change_gamemode,
 title={Changing gamemode at runtime.},
 url={https://forums.unrealengine.com/t/changing-gamemode-at-runtime/81504}, journal={Unreal Engine Forums},
 year={2016},
 month=Dec} 

 @misc{uproperty_macro_explanation,
 title={The uproperty() Macro},
 url={https://romeroblueprints.blogspot.com/2020/10/the-uproperty-macro.html},
 journal={The UPROPERTY() macro},
 author={Romero, Marcos},
 year={2020},
 month={Jun}} 